@BOOK{basar1995dynamic,
  title={Dynamic noncooperative game theory},
  author={Basar, Tamer and Olsder, Geert Jan and Clsder, GJ and Basar, T and Baser, T and Olsder, Geert Jan},
  volume={200},
  year={1995},
  publisher={SIAM}
}

@BOOK{kkstrr,
author = {Kurt Kodal and Joachim Kr{\"a}mer},
title = {Stra{\ss}enrecht},
shortauthor = {Kodal/Kr{\"a}mer},
shorttitle = {StrR},
year = 1995,
address = {M{\"u}nchen},
edition = {5},
pages = {30--34, \S~24}
}

@WWW{wiki,
url = {http://www.jurabib.org},
urldate = {06.12.2003},
author = {Kurt Kodal and Joachim Kr{\"a}mer},
title = {Stra{\ss}enrecht},
shortauthor = {Kodal/Kr{\"a}mer},
shorttitle = {StrR},
year = {1995},
address = {M{\"u}nchen},
edition = {5},
pages = {30--34, \S~24}
}

@WWW{abcnotation,
	url = {http://abcnotation.com/about},
	urldate = {30.01.2016},
	author = {Chris Walshaw},
	title = {about abc notation},
	shortauthor = {Walshaw}
}

@article{musicPsychology,
url = {http://plato.stanford.edu/entries/music/},
journal = {The Stanford Encyclopedia of Philosophy},
urldate = {19.01.2016},
author = {Andrew Kania},
title = {The Philosophy of Music},
shortauthor = {Kania},
year = {2007}
}

@ARTICLE{helm72,
  author      = {Helm, Paul},
  gender      = {sm},
  title       = {Revealed Propositions and Timeless Truths},
  journal     = {Religious Studies},
  year        = 1972,
  volume      = 8,
  pages       = {127--136},
  comment     = {Nog eens kopieren}
}

@UNPUBLISHED{letter2,
  Author         = {Author Two},
  Title          = {Letter 2 Title},
  address        = {New York City},
  language       = {english},
  shorttitle     = {L2T},
  year           = 1900
}

@article{Khoe:1994:CML:2288694.2294265,
    author = {Khoe, G. -D.},
    title = {Coherent multicarrier lightwave technology for flexible capacity networks},
    journal = {Comm. Mag.},
    issue_date = {March 1994},
    volume = {32},
    number = {3},
    month = mar,
    year = {1994},
    issn = {0163-6804},
    pages = {22--33},
    numpages = {12},
    url = {http://dx.doi.org/10.1109/35.267438},
    doi = {10.1109/35.267438},
    acmid = {2294265},
    publisher = {IEEE Press},
    address = {Piscataway, NJ, USA},
}

@article{trialDivisionAndFermats,
    author = {Murat Sahin},
    title = {Generalized Trial Division},
    journal = {International Journal of Contemporary Mathematical Sciences},
    issue_date = {2011},
    year = {2011},
    volume = {6},
    number = {2},
    pages = {59--64},
    url = {http://www.m-hikari.com/ijcms-2011/1-4-2011/sahinIJCMS1-4-2011.pdf},
}

@article{pollardsRhoAlgorithm,
    author = {Nagaratna Hegde and P.Deepthi},
    title = {Pollard RHO Algorithm for Integer Factorization and Discrete Logarithm Problem},
    journal = {International Journal of Computer Applications},
    issue_date = {2015},
    month = {July},
    year = {2015},
    volume = {121},
    number = {18},
    url = {http://research.ijcaonline.org/volume121/number18/pxc3904969.pdf},
}

@WWW{pollardsRhoAlgorithm2,
    url = {http://mathworld.wolfram.com/PollardRhoFactorizationMethod.html},
	urldate = {16.02.2018},
	author = {Weisstein, Eric W.},
	title = {Pollard rho Factorization Method}
}

@article{LenstrasFactorizationAlgorithm,
    author = {Daniel Parker},
    title = {Elliptic curves and Lenstras factorization algorithm},
    issue_date = {2014},
    month = {August},
    year = {2014},
    url = {https://github.com/delta003/lenstra_algorithm/raw/master/Parker%20-%20Elliptic%20Curves%20and%20Lenstra's%20Factorization.pdf},
    urldate = {26.02.2018}
}

@article{Cryptography101,
    author = {Robert Nyqvist},
    title = {Introduktion till kryptologi},
    issue_date = {January 2018},
    month = {January},
    year = {2018}
}

@article{quadraticSieve,
    author = {Eric Landquist},
    title = {The Quadratic Sieve Factoring Algorithm},
    issue_date = {December 2001},
    month = {December},
    year = {2001},
    url = {http://www.cs.virginia.edu/crab/QFS_Simple.pdf},
    urldate = {26.02.2018}
}
    
@WWW{keysize,
    author = {Damien Giry},
    title = {Keylength - NIST Report on Cryptographic Key Length and Cryptoperiod (2016)},
    url = {https://www.keylength.com/en/4/},
    urldate = {13.03.2018},
    year = {2017}
}